@misc{weng2022ntk,
  author       = {Lilian Weng},
  title        = {Some Math behind Neural Tangent Kernel},
  year         = {2022},
  url          = {https://lilianweng.github.io/posts/2022-09-08-ntk/},
  note         = {Accessed: 2025-05-19},
  howpublished = {Blog post on Lilian Weng's personal website}
}

@article{jacot2018neural,
  title={Neural tangent kernel: Convergence and generalization in neural networks},
  author={Jacot, Arthur and Gabriel, Franck and Hongler, Cl{\'e}ment},
  journal={Advances in neural information processing systems},
  volume={31},
  year={2018}
}